@article{Huang2015BidirectionalLM,
  title={Bidirectional LSTM-CRF Models for Sequence Tagging},
  author={Zhiheng Huang and Wei Xu and Kai Yu},
  journal={CoRR},
  year={2015},
  volume={abs/1508.01991}
}

@inproceedings{Avinesh2006,
  title={Part-Of-Speech Tagging and Chunking using Conditional Random Fields and Transformation Based Learning},
  author={Avinesh Pvs and Guntha Karthik},
  year={2006}
}

@article{Awasthi2006,
  author = {Awasthi, Pranjal and Rao, Delip and Ravindran, Balaraman},
  year = {2006},
  month = {01},
  pages = {},
  title = {Part of speech tagging and chunking with HMM and CRF}
}

@inproceedings{Lafferty:2001:CRF:645530.655813,
  author = {Lafferty, John D. and McCallum, Andrew and Pereira, Fernando C. N.},
  title = {Conditional Random Fields: Probabilistic Models for Segmenting and Labeling Sequence Data},
  booktitle = {Proceedings of the Eighteenth International Conference on Machine Learning},
  series = {ICML '01},
  year = {2001},
  isbn = {1-55860-778-1},
  pages = {282--289},
  numpages = {8},
  url = {http://dl.acm.org/citation.cfm?id=645530.655813},
  acmid = {655813},
  publisher = {Morgan Kaufmann Publishers Inc.},
  address = {San Francisco, CA, USA},
}

@inproceedings{Gimpel:2011:PTT:2002736.2002747,
  author = {Gimpel, Kevin and Schneider, Nathan and O'Connor, Brendan and Das, Dipanjan and Mills, Daniel and Eisenstein, Jacob and Heilman, Michael and Yogatama, Dani and Flanigan, Jeffrey and Smith, Noah A.},
  title = {Part-of-speech Tagging for Twitter: Annotation, Features, and Experiments},
  booktitle = {Proceedings of the 49th Annual Meeting of the Association for Computational Linguistics: Human Language Technologies: Short Papers - Volume 2},
  series = {HLT '11},
  year = {2011},
  isbn = {978-1-932432-88-6},
  location = {Portland, Oregon},
  pages = {42--47},
  numpages = {6},
  url = {http://dl.acm.org/citation.cfm?id=2002736.2002747},
  acmid = {2002747},
  publisher = {Association for Computational Linguistics},
  address = {Stroudsburg, PA, USA},
}

@MISC{Goldwater_afully,
  author = {Sharon Goldwater and Thomas L. Griffiths},
  title = {A Fully Bayesian Approach to Unsupervised Part-of-Speech Tagging},
  year = {}
}

@article{Sutton:2012,
  author = {Sutton, Charles and McCallum, Andrew},
  title = {An Introduction to Conditional Random Fields},
  journal = {Found. Trends Mach. Learn.},
  issue_date = {April 2012},
  volume = {4},
  number = {4},
  month = apr,
  year = {2012},
  issn = {1935-8237},
  pages = {267--373},
  numpages = {107},
  url = {http://dx.doi.org/10.15612200000013},
  doi = {10.1561/2200000013},
  acmid = {2688181},
  publisher = {Now Publishers Inc.},
  address = {Hanover, MA, USA},
}

@article{Sutton:2007,
  author = {Sutton, Charles and McCallum, Andrew and Rohanimanesh, Khashayar},
  title = {Dynamic Conditional Random Fields: Factorized Probabilistic Models for Labeling and Segmenting  Sequence Data},
  journal = {J. Mach. Learn. Res.},
  issue_date = {5/1/2007},
  volume = {8},
  month = may,
  year = {2007},
  issn = {1532-4435},
  pages = {693--723},
  numpages = {31},
  url = {http://dl.acm.org/citation.cfm?id=1248659.1248684},
  acmid = {1248684},
  publisher = {JMLR.org},
}

@inproceedings{LacosteJulien2003CombiningSW,
  title={Combining SVM with graphical models for supervised classification : an introduction to Max-Margin Markov Networks},
  author={Simon Lacoste-Julien},
  year={2003}
}

@incollection{Bos2017GMB,
   title     = {The Groningen Meaning Bank},
   author    = {Bos, Johan and Basile, Valerio and Evang, Kilian and Venhuizen, Noortje and Bjerva, Johannes},
   booktitle = {Handbook of Linguistic Annotation},
   editor    = {Ide, Nancy and Pustejovsky, James},
   publisher = {Springer},
   volume    = {2},
   pages     = {463--496},
   year      = {2017}
}   

@book{Jurafsky,
 author = {Jurafsky, Daniel and Martin, James H.},
 title = {Speech and Language Processing: An Introduction to Natural Language Processing, Computational Linguistics, and Speech Recognition},
 year = {2000},
 isbn = {0130950696},
 edition = {1st},
 publisher = {Prentice Hall PTR},
 address = {Upper Saddle River, NJ, USA},
}

@article{scikit-learn,
 title={Scikit-learn: Machine Learning in {P}ython},
 author={Pedregosa, F. and Varoquaux, G. and Gramfort, A. and Michel, V.
         and Thirion, B. and Grisel, O. and Blondel, M. and Prettenhofer, P.
         and Weiss, R. and Dubourg, V. and Vanderplas, J. and Passos, A. and
         Cournapeau, D. and Brucher, M. and Perrot, M. and Duchesnay, E.},
 journal={Journal of Machine Learning Research},
 volume={12},
 pages={2825--2830},
 year={2011}
}

@inproceedings{Brants:2000:TSP:974147.974178,
 author = {Brants, Thorsten},
 title = {TnT: A Statistical Part-of-speech Tagger},
 booktitle = {Proceedings of the Sixth Conference on Applied Natural Language Processing},
 series = {ANLC '00},
 year = {2000},
 location = {Seattle, Washington},
 pages = {224--231},
 numpages = {8},
 url = {https://doi.org/10.3115/974147.974178},
 doi = {10.3115/974147.974178},
 acmid = {974178},
 publisher = {Association for Computational Linguistics},
 address = {Stroudsburg, PA, USA},
} 

@inproceedings{Lafferty,
 author = {Lafferty, John D. and McCallum, Andrew and Pereira, Fernando C. N.},
 title = {Conditional Random Fields: Probabilistic Models for Segmenting and Labeling Sequence Data},
 booktitle = {Proceedings of the Eighteenth International Conference on Machine Learning},
 series = {ICML '01},
 year = {2001},
 isbn = {1-55860-778-1},
 pages = {282--289},
 numpages = {8},
 url = {http://dl.acm.org/citation.cfm?id=645530.655813},
 acmid = {655813},
 publisher = {Morgan Kaufmann Publishers Inc.},
 address = {San Francisco, CA, USA},
}

@inproceedings{pennington,
  author = {Jeffrey Pennington and Richard Socher and Christopher D. Manning},
  booktitle = {Empirical Methods in Natural Language Processing (EMNLP)},
  title = {GloVe: Global Vectors for Word Representation},
  year = {2014},
  pages = {1532--1543},
  url = {http://www.aclweb.org/anthology/D14-1162},
}

@ARTICLE{nlpintro, 
author={E. Cambria and B. White}, 
journal={IEEE Computational Intelligence Magazine}, 
title={Jumping NLP Curves: A Review of Natural Language Processing Research [Review Article]}, 
year={2014}, 
volume={9}, 
number={2}, 
pages={48-57}, 
keywords={Internet;natural language processing;search engines;jumping NLP curves;natural language processing research;computational techniques;automatic human language analysis;automatic human language representation;punch cards;batch processing;Google;Webpages;NLP technology;business management;marketing prediction;NLP research evolution;syntactics curve;semantics curve;pragmatics curve;natural language understanding;Natural language processing;Semantics;Pragmatics;Syntactics;Knowledge based systems}, 
doi={10.1109/MCI.2014.2307227}, 
ISSN={1556-603X}, 
month={May}}

@inproceedings{McCallum2003,
 author = {McCallum, Andrew and Li, Wei},
 title = {Early Results for Named Entity Recognition with Conditional Random Fields, Feature Induction and Web-enhanced Lexicons},
 booktitle = {Proceedings of the Seventh Conference on Natural Language Learning at HLT-NAACL 2003 - Volume 4},
 series = {CONLL '03},
 year = {2003},
 location = {Edmonton, Canada},
 pages = {188--191},
 numpages = {4},
 url = {https://doi.org/10.3115/1119176.1119206},
 doi = {10.3115/1119176.1119206},
 acmid = {1119206},
 publisher = {Association for Computational Linguistics},
 address = {Stroudsburg, PA, USA},
} 

@article{postaggingbenchmark,
  author    = {Vishaal Jatav and
               Ravi Teja and
               Srini Bharadwaj and
               Venkat Srinivasan},
  title     = {Improving Part-of-Speech Tagging for {NLP} Pipelines},
  journal   = {CoRR},
  volume    = {abs/1708.00241},
  year      = {2017},
  url       = {http://arxiv.org/abs/1708.00241},
  archivePrefix = {arXiv},
  eprint    = {1708.00241},
  timestamp = {Mon, 13 Aug 2018 16:48:13 +0200},
  biburl    = {https://dblp.org/rec/bib/journals/corr/abs-1708-00241},
  bibsource = {dblp computer science bibliography, https://dblp.org}
}

@inproceedings{manningpostagging,
 author = {Manning, Christopher D.},
 title = {Part-of-speech Tagging from 97% to 100%: Is It Time for Some Linguistics?},
 booktitle = {Proceedings of the 12th International Conference on Computational Linguistics and Intelligent Text Processing - Volume Part I},
 series = {CICLing'11},
 year = {2011},
 isbn = {978-3-642-19399-6},
 location = {Tokyo, Japan},
 pages = {171--189},
 numpages = {19},
 url = {http://dl.acm.org/citation.cfm?id=1964799.1964816},
 acmid = {1964816},
 publisher = {Springer-Verlag},
 address = {Berlin, Heidelberg},
} 

@article{dlnerbenchmark,
  author    = {Tom Young and
               Devamanyu Hazarika and
               Soujanya Poria and
               Erik Cambria},
  title     = {Recent Trends in Deep Learning Based Natural Language Processing},
  journal   = {CoRR},
  volume    = {abs/1708.02709},
  year      = {2017},
  url       = {http://arxiv.org/abs/1708.02709},
  archivePrefix = {arXiv},
  eprint    = {1708.02709},
  timestamp = {Mon, 13 Aug 2018 16:46:22 +0200},
  biburl    = {https://dblp.org/rec/bib/journals/corr/abs-1708-02709},
  bibsource = {dblp computer science bibliography, https://dblp.org}
}

@inproceedings{andrew2007scalable,
  title={Scalable training of L1-regularized log-linear models, p 33--40},
  author={Andrew, Galen and Gao, Jianfeng},
  booktitle={Proceedings of the 24th International Conference on Machine Learning. ACM Press, New York, NY},
  year={2007}
}

@inproceedings{conll03,
 author = {Tjong Kim Sang, Erik F. and De Meulder, Fien},
 title = {Introduction to the CoNLL-2003 Shared Task: Language-independent Named Entity Recognition},
 booktitle = {Proceedings of the Seventh Conference on Natural Language Learning at HLT-NAACL 2003 - Volume 4},
 series = {CONLL '03},
 year = {2003},
 location = {Edmonton, Canada},
 pages = {142--147},
 numpages = {6},
 url = {https://doi.org/10.3115/1119176.1119195},
 doi = {10.3115/1119176.1119195},
 acmid = {1119195},
 publisher = {Association for Computational Linguistics},
 address = {Stroudsburg, PA, USA},
} 

@article{bjervabaseline,
  author    = {Johannes Bjerva and
               Barbara Plank and
               Johan Bos},
  title     = {Semantic Tagging with Deep Residual Networks},
  journal   = {CoRR},
  volume    = {abs/1609.07053},
  year      = {2016},
  url       = {http://arxiv.org/abs/1609.07053},
  archivePrefix = {arXiv},
  eprint    = {1609.07053},
  timestamp = {Mon, 13 Aug 2018 16:49:10 +0200},
  biburl    = {https://dblp.org/rec/bib/journals/corr/BjervaPB16},
  bibsource = {dblp computer science bibliography, https://dblp.org}
}

@INPROCEEDINGS{owlqn,
    author = {Galen Andrew and Jianfeng Gao},
    title = {Scalable training of L1-regularized log-linear models},
    booktitle = {In ICML ’07},
    year = {2007}
}

@article{nerlimiteddata,
  author    = {John Foley and
               Sheikh Muhammad Sarwar and
               James Allan},
  title     = {Named Entity Recognition with Extremely Limited Data},
  journal   = {CoRR},
  volume    = {abs/1806.04411},
  year      = {2018},
  url       = {http://arxiv.org/abs/1806.04411},
  archivePrefix = {arXiv},
  eprint    = {1806.04411},
  timestamp = {Mon, 13 Aug 2018 16:47:00 +0200},
  biburl    = {https://dblp.org/rec/bib/journals/corr/abs-1806-04411},
  bibsource = {dblp computer science bibliography, https://dblp.org}
}

@article{fewshotner,
  author    = {Alexander Fritzler and
               Varvara Logacheva and
               Maksim Kretov},
  title     = {Few-shot classification in Named Entity Recognition Task},
  journal   = {CoRR},
  volume    = {abs/1812.06158},
  year      = {2018},
  url       = {http://arxiv.org/abs/1812.06158},
  archivePrefix = {arXiv},
  eprint    = {1812.06158},
  timestamp = {Tue, 01 Jan 2019 15:01:25 +0100},
  biburl    = {https://dblp.org/rec/bib/journals/corr/abs-1812-06158},
  bibsource = {dblp computer science bibliography, https://dblp.org}
}

@inproceedings{manningtimeforlingui,
 author = {Manning, Christopher D.},
 title = {Part-of-speech Tagging from 97% to 100%: Is It Time for Some Linguistics?},
 booktitle = {Proceedings of the 12th International Conference on Computational Linguistics and Intelligent Text Processing - Volume Part I},
 series = {CICLing'11},
 year = {2011},
 isbn = {978-3-642-19399-6},
 location = {Tokyo, Japan},
 pages = {171--189},
 numpages = {19},
 url = {http://dl.acm.org/citation.cfm?id=1964799.1964816},
 acmid = {1964816},
 publisher = {Springer-Verlag},
 address = {Berlin, Heidelberg},
} 

[download] 